Standard Bibtex file

@misc{ bobrow77frame,
    author = "D. Bobrow and R. Kaplan and M. Kay and D. Norman and H. Thompson and T.
      Winograd",
    title = "a frame driven dialog system",
    text = "Daniel G. Bobrow, Ronald M. Kaplan, Martin Kay, Donald A. Norman, Henry
      Thompson, and Terry Winograd. 1977. GUS, a frame driven dialog system.",
    year = "1977"
}

@misc{ de73art,
    author = "K. DE",
    title = "The art of computer programming",
    text = "Knuth DE (1973) The art of computer programming (vol III). AddisonWesley,
      Reading, Mass",
    year = "1973"
}

@misc{ slavenburg96trimedia,
    author = "G. Slavenburg and S. Rathnam and H. Dijkstra",
    title = "The TriMedia TM-1 PCI VLIW Mediaprocessor",
    text = "Gerrit A. Slavenburg, Selliah Rathnam, and Henk Dijkstra. The TriMedia
      TM-1 PCI VLIW Mediaprocessor. In Hot Chips 8, Stanford, California, August
      1996.",
    year = "1996"
}

@misc{ chomsky98minimalist,
    author = "N. CHOMSKY",
    title = "Minimalist inquiries: the framework",
    text = "CHOMSKY N. (1998). Minimalist inquiries: the framework. MIT Occasional
      Papers in Linguistics 15, Department of Linguistics and Philosophy, MIT.",
    year = "1998"
}
